|j|☆FreeDrink
|j|☆puniu3
|t:|1787113852
|gametype|singles
|j| nc2000logger
|player|p1|FreeDrink|169|
|player|p2|puniu3|169|
|gen|2
|tier|[Gen 2] Nintendo Cup 2000 No OHKO Stadium2 Strict
|rule|Species Clause: Limit one of each Pokémon
|rule|Item Clause: Limit 1 of each item
|rule|Stadium Sleep Clause: Limit one foe put to sleep
|rule|Freeze Clause Mod: Limit one foe frozen
|rule|OHKO Clause: OHKO moves are banned
|rule|HP Percentage Mod: HP is shown in percentages
|clearpoke
|poke|p1|Skarmory, L55, M|item
|poke|p1|Blissey, L50, F|item
|poke|p1|Misdreavus, L50, F|item
|poke|p1|Kingdra, L50, F|item
|poke|p1|Snorlax, L50, M|item
|poke|p1|Cloyster, L50, M|item
|poke|p2|Starmie, L55|item
|poke|p2|Miltank, L55, F|item
|poke|p2|Snorlax, L50, M|item
|poke|p2|Zapdos, L50|item
|poke|p2|Exeggutor, L50, M|item
|poke|p2|Misdreavus, L50, M|item
|teampreview|3
|
|t:|1787114017
|teamsize|p1|3
|teamsize|p2|3
|start
|switch|p1a: Misdreavus|Misdreavus, L50, F|100/100
|switch|p2a: Miltank|Miltank, L55, F|100/100
|turn|1
|
|t:|1787114038
|move|p2a: Miltank|Curse|p2a: Miltank
|-unboost|p2a: Miltank|spe|1
|-boost|p2a: Miltank|atk|1
|-boost|p2a: Miltank|def|1
|move|p1a: Misdreavus|Mean Look|p2a: Miltank
|-activate|p2a: Miltank|trapped
|
|upkeep
|turn|2
|
|t:|1787114056
|move|p1a: Misdreavus|Perish Song|p1a: Misdreavus
|-start|p1a: Misdreavus|perish3|[silent]
|-start|p2a: Miltank|perish3|[silent]
|-fieldactivate|move: Perish Song
|move|p2a: Miltank|Curse|p2a: Miltank
|-unboost|p2a: Miltank|spe|1
|-boost|p2a: Miltank|atk|1
|-boost|p2a: Miltank|def|1
|
|-start|p1a: Misdreavus|perish3
|-start|p2a: Miltank|perish3
|upkeep
|turn|3
|
|t:|1787114074
|move|p1a: Misdreavus|Destiny Bond|p1a: Misdreavus
|-singlemove|p1a: Misdreavus|Destiny Bond
|move|p2a: Miltank|Return|p1a: Misdreavus
|-immune|p1a: Misdreavus
|
|-start|p1a: Misdreavus|perish2
|-start|p2a: Miltank|perish2
|upkeep
|turn|4
|
|t:|1787114091
|move|p1a: Misdreavus|Destiny Bond|p1a: Misdreavus
|-singlemove|p1a: Misdreavus|Destiny Bond
|move|p2a: Miltank|Return|p1a: Misdreavus
|-immune|p1a: Misdreavus
|
|-start|p1a: Misdreavus|perish1
|-start|p2a: Miltank|perish1
|upkeep
|turn|5
|
|t:|1787114108
|switch|p1a: Skarmory|Skarmory, L55, M|100/100
|move|p2a: Miltank|Return|p1a: Skarmory
|-crit|p1a: Skarmory
|-resisted|p1a: Skarmory
|-damage|p1a: Skarmory|52/100
|
|-start|p2a: Miltank|perish0
|-heal|p1a: Skarmory|58/100|[from] item: Leftovers
|faint|p2a: Miltank
|upkeep
|
|t:|1787114125
|switch|p2a: Zapdos|Zapdos, L50|100/100
|turn|6
|
|t:|1787114141
|switch|p1a: Blissey|Blissey, L50, F|100/100
|move|p2a: Zapdos|Thunderbolt|p1a: Blissey
|-crit|p1a: Blissey
|-damage|p1a: Blissey|72/100
|
|upkeep
|turn|7
|
|t:|1787114160
|move|p2a: Zapdos|Thunderbolt|p1a: Blissey
|-damage|p1a: Blissey|56/100
|move|p1a: Blissey|Toxic|p2a: Zapdos
|-status|p2a: Zapdos|tox
|
|-enditem|p2a: Zapdos|Miracle Berry|[eat]
|-curestatus|p2a: Zapdos|tox|[msg]
|upkeep
|turn|8
|
|t:|1787114179
|switch|p2a: Snorlax|Snorlax, L50, M|100/100
|move|p1a: Blissey|Soft-Boiled|p1a: Blissey
|-heal|p1a: Blissey|100/100
|
|upkeep
|turn|9
|
|t:|1787114198
|switch|p1a: Skarmory|Skarmory, L55, M|58/100
|move|p2a: Snorlax|Earthquake|p1a: Skarmory
|-immune|p1a: Skarmory
|
|-heal|p1a: Skarmory|64/100|[from] item: Leftovers
|upkeep
|turn|10
|
|t:|1787114217
|switch|p1a: Blissey|Blissey, L50, F|100/100
|switch|p2a: Zapdos|Zapdos, L50|100/100
|
|upkeep
|turn|11
|
|t:|1787114236
|switch|p2a: Snorlax|Snorlax, L50, M|100/100
|move|p1a: Blissey|Toxic|p2a: Snorlax|[miss]
|-miss|p1a: Blissey
|
|upkeep
|turn|12
|
|t:|1787114255
|switch|p1a: Skarmory|Skarmory, L55, M|64/100
|move|p2a: Snorlax|Earthquake|p1a: Skarmory
|-immune|p1a: Skarmory
|
|-heal|p1a: Skarmory|70/100|[from] item: Leftovers
|upkeep
|turn|13
|
|t:|1787114274
|switch|p2a: Zapdos|Zapdos, L50|100/100
|move|p1a: Skarmory|Drill Peck|p2a: Zapdos
|-resisted|p2a: Zapdos
|-damage|p2a: Zapdos|86/100
|
|-heal|p1a: Skarmory|76/100|[from] item: Leftovers
|upkeep
|turn|14
|
|t:|1787114293
|switch|p1a: Blissey|Blissey, L50, F|100/100
|move|p2a: Zapdos|Thunderbolt|p1a: Blissey
|-damage|p1a: Blissey|84/100
|
|upkeep
|turn|15
|
|t:|1787114312
|switch|p2a: Snorlax|Snorlax, L50, M|100/100
|move|p1a: Blissey|Toxic|p2a: Snorlax
|-status|p2a: Snorlax|tox
|
|upkeep
|turn|16
|
|t:|1787114332
|switch|p1a: Skarmory|Skarmory, L55, M|76/100
|move|p2a: Snorlax|Body Slam|p1a: Skarmory
|-resisted|p1a: Skarmory
|-damage|p1a: Skarmory|66/100
|-status|p1a: Skarmory|par
|-damage|p2a: Snorlax|94/100 tox|[from] psn
|
|-heal|p1a: Skarmory|72/100 par|[from] item: Leftovers
|upkeep
|turn|17
|
|t:|1787114353
|switch|p2a: Zapdos|Zapdos, L50|86/100
|move|p1a: Skarmory|Rest|p1a: Skarmory
|-status|p1a: Skarmory|slp|[from] move: Rest
|-heal|p1a: Skarmory|100/100 slp|[silent]
|
|upkeep
|turn|18
|
|t:|1787114372
|switch|p1a: Blissey|Blissey, L50, F|84/100
|move|p2a: Zapdos|Thunderbolt|p1a: Blissey
|-damage|p1a: Blissey|69/100
|
|upkeep
|turn|19
|
|t:|1787114393
|switch|p2a: Snorlax|Snorlax, L50, M|94/100 tox
|-status|p2a: Snorlax|psn|[silent]
|-damage|p2a: Snorlax|82/100 psn|[from] psn
|move|p1a: Blissey|Heal Bell|p1a: Blissey
|-cureteam|p1a: Blissey|[from] move: Heal Bell
|
|upkeep
|turn|20
|
|t:|1787114412
|switch|p1a: Skarmory|Skarmory, L55, M|100/100
|move|p2a: Snorlax|Body Slam|p1a: Skarmory
|-resisted|p1a: Skarmory
|-damage|p1a: Skarmory|91/100
|-damage|p2a: Snorlax|70/100 psn|[from] psn|[of] p1a: Skarmory
|
|-heal|p1a: Skarmory|97/100|[from] item: Leftovers
|upkeep
|turn|21
|
|t:|1787114432
|move|p1a: Skarmory|Drill Peck|p2a: Snorlax
|-damage|p2a: Snorlax|46/100 psn
|move|p2a: Snorlax|Rest|p2a: Snorlax
|-status|p2a: Snorlax|slp|[from] move: Rest
|-heal|p2a: Snorlax|100/100 slp|[silent]
|
|-heal|p1a: Skarmory|100/100|[from] item: Leftovers
|-enditem|p2a: Snorlax|Mint Berry|[eat]
|-curestatus|p2a: Snorlax|slp|[msg]
|upkeep
|turn|22
|
|t:|1787114451
|switch|p2a: Zapdos|Zapdos, L50|86/100
|move|p1a: Skarmory|Drill Peck|p2a: Zapdos
|-resisted|p2a: Zapdos
|-damage|p2a: Zapdos|70/100
|
|upkeep
|turn|23
|
|t:|1787114469
|switch|p1a: Blissey|Blissey, L50, F|69/100
|move|p2a: Zapdos|Thunderbolt|p1a: Blissey
|-damage|p1a: Blissey|53/100
|
|upkeep
|turn|24
|
|t:|1787114488
|switch|p2a: Snorlax|Snorlax, L50, M|100/100
|move|p1a: Blissey|Toxic|p2a: Snorlax
|-status|p2a: Snorlax|tox
|
|upkeep
|turn|25
|
|t:|1787114508
|switch|p1a: Misdreavus|Misdreavus, L50, F|100/100
|move|p2a: Snorlax|Body Slam|p1a: Misdreavus
|-immune|p1a: Misdreavus
|-damage|p2a: Snorlax|94/100 tox|[from] psn
|
|upkeep
|turn|26
|
|t:|1787114527
|move|p1a: Misdreavus|Mean Look|p2a: Snorlax
|-activate|p2a: Snorlax|trapped
|move|p2a: Snorlax|Earthquake|p1a: Misdreavus
|-damage|p1a: Misdreavus|66/100
|-damage|p2a: Snorlax|82/100 tox|[from] psn
|
|upkeep
|turn|27
|
|t:|1787114547
|move|p1a: Misdreavus|Perish Song|p1a: Misdreavus
|-start|p1a: Misdreavus|perish3|[silent]
|-start|p2a: Snorlax|perish3|[silent]
|-fieldactivate|move: Perish Song
|move|p2a: Snorlax|Earthquake|p1a: Misdreavus
|-damage|p1a: Misdreavus|29/100
|-damage|p2a: Snorlax|64/100 tox|[from] psn
|
|-start|p1a: Misdreavus|perish3
|-start|p2a: Snorlax|perish3
|upkeep
|turn|28
|
|t:|1787114568
|move|p1a: Misdreavus|Rest|p1a: Misdreavus
|-status|p1a: Misdreavus|slp|[from] move: Rest
|-heal|p1a: Misdreavus|100/100 slp|[silent]
|move|p2a: Snorlax|Body Slam|p1a: Misdreavus
|-immune|p1a: Misdreavus
|-damage|p2a: Snorlax|40/100 tox|[from] psn
|
|-start|p1a: Misdreavus|perish2
|-start|p2a: Snorlax|perish2
|-enditem|p1a: Misdreavus|Miracle Berry|[eat]
|-curestatus|p1a: Misdreavus|slp|[msg]
|upkeep
|turn|29
|
|t:|1787114588
|move|p1a: Misdreavus|Destiny Bond|p1a: Misdreavus
|-singlemove|p1a: Misdreavus|Destiny Bond
|move|p2a: Snorlax|Body Slam|p1a: Misdreavus
|-immune|p1a: Misdreavus
|-damage|p2a: Snorlax|10/100 tox|[from] psn
|
|-start|p1a: Misdreavus|perish1
|-start|p2a: Snorlax|perish1
|upkeep
|turn|30
|
|t:|1787114602
|switch|p1a: Skarmory|Skarmory, L55, M|100/100
|move|p2a: Snorlax|Body Slam|p1a: Skarmory
|-resisted|p1a: Skarmory
|-damage|p1a: Skarmory|90/100
|-damage|p2a: Snorlax|0 fnt|[from] psn
|faint|p2a: Snorlax
|
|t:|1787114603
|switch|p2a: Zapdos|Zapdos, L50|70/100
|
|-heal|p1a: Skarmory|96/100|[from] item: Leftovers
|upkeep
|turn|31
|
|t:|1787114621
|switch|p1a: Blissey|Blissey, L50, F|53/100
|move|p2a: Zapdos|Whirlwind|p1a: Blissey
|drag|p1a: Misdreavus|Misdreavus, L50, F|100/100
|
|upkeep
|turn|32
|
|t:|1787114630
|move|p2a: Zapdos|Thunder Wave|p1a: Misdreavus
|-status|p1a: Misdreavus|par
|move|p1a: Misdreavus|Perish Song|p1a: Misdreavus
|-start|p1a: Misdreavus|perish3|[silent]
|-start|p2a: Zapdos|perish3|[silent]
|-fieldactivate|move: Perish Song
|
|-start|p2a: Zapdos|perish3
|-start|p1a: Misdreavus|perish3
|upkeep
|turn|33
|
|t:|1787114650
|move|p1a: Misdreavus|Rest|p1a: Misdreavus
|-fail|p1a: Misdreavus
|move|p2a: Zapdos|Whirlwind|p1a: Misdreavus
|drag|p1a: Blissey|Blissey, L50, F|53/100
|
|-start|p2a: Zapdos|perish2
|upkeep
|turn|34
|
|t:|1787114661
|move|p1a: Blissey|Heal Bell|p1a: Blissey
|-cureteam|p1a: Blissey|[from] move: Heal Bell
|move|p2a: Zapdos|Whirlwind|p1a: Blissey
|drag|p1a: Misdreavus|Misdreavus, L50, F|100/100
|
|-start|p2a: Zapdos|perish1
|upkeep
|turn|35
|
|t:|1787114671
|move|p1a: Misdreavus|Destiny Bond|p1a: Misdreavus
|-singlemove|p1a: Misdreavus|Destiny Bond
|move|p2a: Zapdos|Whirlwind|p1a: Misdreavus
|drag|p1a: Blissey|Blissey, L50, F|53/100
|
|-start|p2a: Zapdos|perish0
|upkeep
|faint|p2a: Zapdos
|
|win|FreeDrink
